@article{caro2012clearance,
  title={Clearance pricing optimization for a fast-fashion retailer},
  author={Caro, Felipe and Gallien, J{\'e}r{\'e}mie},
  journal={Operations research},
  volume={60},
  number={6},
  pages={1404--1422},
  year={2012},
  publisher={INFORMS}
}
@article{chung2015optimal,
  title={Optimal pricing and inventory strategies with multiple price markdowns over time},
  author={Chung, Wenming and Talluri, Srinivas and Narasimhan, Ram},
  journal={European Journal of Operational Research},
  volume={243},
  number={1},
  pages={130--141},
  year={2015},
  publisher={Elsevier}
}
@article{talluri2004revenue,
  title={Revenue management under a general discrete choice model of consumer behavior},
  author={Talluri, Kalyan and Van Ryzin, Garrett},
  journal={Management Science},
  volume={50},
  number={1},
  pages={15--33},
  year={2004},
  publisher={INFORMS}
}
@article{baker2019emergent,
  title={Emergent tool use from multi-agent autocurricula},
  author={Baker, Bowen and Kanitscheider, Ingmar and Markov, Todor and Wu, Yi and Powell, Glenn and McGrew, Bob and Mordatch, Igor},
  journal={arXiv preprint arXiv:1909.07528},
  year={2019}
}

@article{RetailerGame,
  title={Retailer Game},
  author={Ramandeep S. Randhawa},
  year={2014},
  publisher={USC Marchall School of Business}
}